@inproceedings{roberta-base-sentiment-analysis,
    title = "{T}ime{LM}s: Diachronic Language Models from {T}witter",
    author = "Loureiro, Daniel  and
      Barbieri, Francesco  and
      Neves, Leonardo  and
      Espinosa Anke, Luis  and
      Camacho-collados, Jose",
    booktitle = "Proceedings of the 60th Annual Meeting of the Association for Computational Linguistics: System Demonstrations",
    month = may,
    year = "2022",
    address = "Dublin, Ireland",
    publisher = "Association for Computational Linguistics",
    url = "https://aclanthology.org/2022.acl-demo.25",
    doi = "10.18653/v1/2022.acl-demo.25",
    pages = "251--260",
}

@misc{selenium,
	title        = {The Selenium Browser Automation Project},
	author       = { Software Freedom Conservancy},
	year         = 2025,
	note         = {Visitato il: 21/05/2025},
	howpublished = {\url{https://www.selenium.dev/documentation/}}
}

@inproceedings{camacho-collados-etal-2022-tweetnlp-roberta,
    title = "{T}weet{NLP}: Cutting-Edge Natural Language Processing for Social Media",
    author = "Camacho-collados and others",
    booktitle = "Proceedings of the 2022 Conference on Empirical Methods in Natural Language Processing: System Demonstrations",
    month = dec,
    year = "2022",
    address = "Abu Dhabi, UAE",
    publisher = "Association for Computational Linguistics",
    url = "https://aclanthology.org/2022.emnlp-demos.5",
    pages = "38--49"
}

@inproceedings{barbieri2020tweeteval,
    title={{TweetEval:Unified Benchmark and Comparative Evaluation for Tweet Classification}},
    author={Barbieri, Francesco and Camacho-Collados, Jose and Espinosa-Anke, Luis and Neves, Leonardo},
    booktitle={Proceedings of Findings of EMNLP},
    year={2020}
}

@misc{roberta,
      title={RoBERTa: A Robustly Optimized BERT Pretraining Approach}, 
      author={Yinhan Liu and Myle Ott and Naman Goyal and Jingfei Du and Mandar Joshi and Danqi Chen and Omer Levy and Mike Lewis and Luke Zettlemoyer and Veselin Stoyanov},
      year={2019},
      eprint={1907.11692},
      archivePrefix={arXiv},
      primaryClass={cs.CL},
      url={https://arxiv.org/abs/1907.11692}, 
}

@misc{bert,
      title={BERT: Pre-training of Deep Bidirectional Transformers for Language Understanding}, 
      author={Jacob Devlin and Ming-Wei Chang and Kenton Lee and Kristina Toutanova},
      year={2019},
      eprint={1810.04805},
      archivePrefix={arXiv},
      primaryClass={cs.CL},
      url={https://arxiv.org/abs/1810.04805}, 
}

@misc{rai_classifiche_serate,
	title        = {RAI},
	author       = {RAI},
	year         = 2025,
	note         = {Visitato il: 26/05/2025},
	howpublished = {\url{https://www.rai.it/dl/doc/2025/02/16/1739717811627_sanremo-2025-risultati-televoto-campioni.pdf}}
}

@misc{browser_supportati,
	title        = {Supported Browsers},
	author       = {Software Freedom Conservancy},
	year         = 2025,
	note         = {Visitato il: 26/05/2025},
	howpublished = {\url{https://www.selenium.dev/documentation/webdriver/browsers/}}
}

